Details,Posting Date,Description,Amount,Type,Balance,Check or Slip #
DEBIT,12/19/2025,"JPMORGAN CHASE   CHASE ACH                  PPD ID: 1000008113",-2070.97,ACH_DEBIT,3003.52,,
DEBIT,12/19/2025,"TRADER JOE S #022 OCEANSIDE CA               12/18",-34.52,DEBIT_CARD,5074.49,,
DEBIT,12/19/2025,"SQ *VIGILANTE COFFEE Oceanside CA            12/18",-31.97,DEBIT_CARD,5109.01,,
CREDIT,12/19/2025,"RIVIAN AUTOMOTIV PAYROLL                    PPD ID: 9111111101",3988.72,ACH_CREDIT,5140.98,,
DEBIT,12/17/2025,"COSTCO GAS #0462 CARLSBAD CA         640655  12/17",-52.96,DEBIT_CARD,1152.26,,
DEBIT,12/17/2025,"COX COMM SAN     PURCHASE                   PPD ID: 1581620078",-80.00,ACH_DEBIT,1205.22,,
CREDIT,12/17/2025,"Online Transfer from CHK ...9583 transaction#: 27359969295",200.00,ACCT_XFER,1285.22,,
DEBIT,12/16/2025,"TRADER JOE S #02 2570 OCEANSIDE CA   551644  12/16",-225.13,DEBIT_CARD,1085.22,,
DEBIT,12/16/2025,"THE UPS STORE 5 760-7294691 CA               12/15",-37.13,DEBIT_CARD,1310.35,,
CREDIT,12/16/2025,"Online Transfer from CHK ...9583 transaction#: 27347248961",300.00,ACCT_XFER,1347.48,,
DEBIT,12/15/2025,"VONS #2142 CARLSBAD CA                       12/15",-8.58,DEBIT_CARD,1047.48,,
DEBIT,12/15/2025,"EXPRESS FUEL OCEANSIDE CA                    12/15",-37.77,DEBIT_CARD,1056.06,,
DEBIT,12/15/2025,"BARCLAYCARD US   CREDITCARD 1351403859      WEB ID: 2510407970",-471.13,ACH_DEBIT,1093.83,,
DEBIT,12/15/2025,"ELAMS HALLMARK #15 OCEANSIDE CA              12/14",-43.27,DEBIT_CARD,1564.96,,
DEBIT,12/15/2025,"BEST PIZZA & BREW - CAR SAN DIEGO CA         12/14",-34.28,DEBIT_CARD,1608.23,,
DEBIT,12/15/2025,"KAHOOTS CARLSBAD - 17 CARLSBAD CA            12/13",-93.14,DEBIT_CARD,1642.51,,
DEBIT,12/15/2025,"SQ *BOUND COFFEE COMPAN Oceanside CA         12/13",-21.57,DEBIT_CARD,1735.65,,
DEBIT,12/12/2025,"EXPRESS FUEL OCEANSIDE CA                    12/11",-48.53,DEBIT_CARD,1757.22,,
DEBIT,12/10/2025,"Online Transfer to CHK ...9583 transaction#: 27282116778 12/10",-100.00,ACCT_XFER,1805.75,,
DEBIT,12/10/2025,"CHASE CREDIT CRD AUTOPAY                    PPD ID: 4760039224",-35.90,ACH_DEBIT,1905.75,,
CREDIT,12/10/2025,"Zelle payment from PHYLLIS P LOWENTHAL 27278536429",400.00,QUICKPAY_CREDIT,1941.65,,
CREDIT,12/10/2025,"Zelle payment from TARA L EVENSON 27278072436",400.00,QUICKPAY_CREDIT,1541.65,,
DEBIT,12/09/2025,"NORTHWESTERN MU  ISA PYMENT                 PPD ID: 9000596067",-179.46,ACH_DEBIT,1141.65,,
DEBIT,12/09/2025,"NORTHWESTERN MU  ISA PYMENT                 PPD ID: 9000596067",-188.22,ACH_DEBIT,1321.11,,
DEBIT,12/08/2025,"SQ *REVOLUTION ROASTERS OCEANSIDE CA         12/08",-16.50,DEBIT_CARD,1509.33,,
DEBIT,12/08/2025,"LOWES #01588* OCEANSIDE CA                   12/07",-65.43,DEBIT_CARD,1525.83,,
DEBIT,12/08/2025,"TARGET        00003038 OCEANSIDE CA          12/07",-63.27,DEBIT_CARD,1591.26,,
DEBIT,12/08/2025,"SQ *VIGILANTE COFFEE Oceanside CA            12/07",-20.00,DEBIT_CARD,1654.53,,
DEBIT,12/08/2025,"ACTIVE N FIT  DIRECT 844-646-2746 CA         12/07",-28.00,DEBIT_CARD,1674.53,,
DEBIT,12/08/2025,"88 RANCH MARKET OCEANSIDE CA                 12/06",-29.92,DEBIT_CARD,1702.53,,
DEBIT,12/08/2025,"EARNEST MO       EARNST PMT 9390589289      WEB ID: L431261525",-344.58,ACH_DEBIT,1732.45,,
DEBIT,12/05/2025,"Online Transfer to SAV ...3362 transaction#: 27216258525 12/05",-400.00,ACCT_XFER,2077.03,,
DEBIT,12/05/2025,"JPMORGAN CHASE   CHASE ACH                  PPD ID: 1000008113",-2070.97,ACH_DEBIT,2477.03,,
DEBIT,12/05/2025,"COSTCO GAS #0462 CARLSBAD CA                 12/04",-55.51,DEBIT_CARD,4548.00,,
DEBIT,12/05/2025,"TRADER JOE S #025 ENCINITAS CA               12/04",-180.60,DEBIT_CARD,4603.51,,
CREDIT,12/05/2025,"RIVIAN AUTOMOTIV PAYROLL                    PPD ID: 9111111101",3988.71,ACH_CREDIT,4784.11,,
DEBIT,12/04/2025,"ATM WITHDRAWAL                       008930  12/042580 EL C",-5.00,ATM,795.40,,
DEBIT,12/04/2025,"ADVS ED SERV PPD STUDNTLOAN                 PPD ID: 9102001101",-218.68,ACH_DEBIT,800.40,,
DEBIT,12/04/2025,"kate spade 31848 CARLSBAD CA                 12/03",-113.93,DEBIT_CARD,1019.08,,
DEBIT,12/03/2025,"CITI CARD ONLINE PAYMENT    431871166982562 WEB ID: CITICTP",-4000.00,ACH_DEBIT,1133.01,,
DEBIT,12/02/2025,"MERCURY INS      PAYMENT                    PPD ID: AY52211612",-247.70,ACH_DEBIT,5133.01,,
DEBIT,12/02/2025,"Quail Ridge Cond OnlinePay  951652          WEB ID: 1953849541",-421.00,ACH_DEBIT,5380.71,,
CREDIT,12/02/2025,"Online Transfer from SAV ...3362 transaction#: 27181269601",4000.00,ACCT_XFER,5801.71,,
DEBIT,12/01/2025,"Online Transfer to SAV ...3362 transaction#: 27161563270 12/01",-500.00,ACCT_XFER,1801.71,,
DEBIT,12/01/2025,"TRADER JOE S #022 OCEANSIDE CA               11/30",-97.48,DEBIT_CARD,2301.71,,
DEBIT,12/01/2025,"WORLD MARKET  #81 OCEANSIDE CA               11/29",-52.31,DEBIT_CARD,2399.19,,
DEBIT,12/01/2025,"MARSHALLS #0203 SOLANA BEACH CA              11/28",-48.92,DEBIT_CARD,2451.50,,
DEBIT,12/01/2025,"KAHOOTS CARLSBAD - 17 CARLSBAD CA            11/28",-141.40,DEBIT_CARD,2500.42,,
DEBIT,12/01/2025,"SQ *VIGILANTE COFFEE Oceanside CA            11/28",-20.24,DEBIT_CARD,2641.82,,
DEBIT,12/01/2025,"SUPER STAR CAR WASH MIS OCEANSIDE CA         11/27",-25.00,DEBIT_CARD,2662.06,,
CREDIT,12/01/2025,"Online Transfer from CHK ...9583 transaction#: 27156172910",1600.00,ACCT_XFER,2687.06,,
