Details,Posting Date,Description,Amount,Type,Balance,Check or Slip #
DEBIT,12/01/2025,"Online Transfer to CHK ...8171 transaction#: 27156172910 12/01",-1600.00,ACCT_XFER,255.34,,
DEBIT,12/01/2025,"SQ *VIGILANTE COFFEE Oceanside CA            11/29",-15.20,DEBIT_CARD,1855.34,,
DEBIT,12/01/2025,"SQ *VIGILANTE COFFEE Oceanside CA            11/28",-13.37,DEBIT_CARD,1870.54,,
DEBIT,12/01/2025,"SQ *BOUND COFFEE COMPAN Oceanside CA         11/28",-26.23,DEBIT_CARD,1883.91,,
CREDIT,12/01/2025,"RESILIENT STRENG PAYROLL                    PPD ID: 1462800242",1791.84,ACH_CREDIT,1910.14,,
DEBIT,11/28/2025,"INGLOURIOUS BAGELS CARLSBAD CA               11/26",-31.79,DEBIT_CARD,118.30,,
DEBIT,11/26/2025,"SQ *REVOLUTION ROASTERS OCEANSIDE CA         11/26",-24.50,DEBIT_CARD,150.09,,
DEBIT,11/26/2025,"RIVIAN CAFE IRVINE CA                        11/25",-2.69,DEBIT_CARD,174.59,,
DEBIT,11/24/2025,"SQ *STEADY STATE ROASTI CARLSBAD CA          11/22",-31.75,DEBIT_CARD,177.28,,
DEBIT,11/24/2025,"LOLA'S DELI CARLSBAD CA                      11/22",-51.66,DEBIT_CARD,209.03,,
DEBIT,11/24/2025,"GREEN CHEEK BEER CO - 442-2668171 CA         11/21",-51.25,DEBIT_CARD,260.69,,
CREDIT,11/24/2025,"Online Transfer from CHK ...8171 transaction#: 27056744751",100.00,ACCT_XFER,311.94,,
CREDIT,11/24/2025,"REAL TIME TRANSFER RECD FROM ABA/CONTR BNK-021000021  FROM: VENMO REF: 25112303331537538 INFO: TEXT-  IID: 20251122021000021P1BRJPC07980015046 RECD: 22:36:44 TRN: 1994412326GC BREF: c8d85773-a4fd-412c-8536-fe6cb4047c9",60.92,MISC_CREDIT,211.94,,
DEBIT,11/21/2025,"VENMO            PAYMENT    1046350921573   WEB ID: 3264681992",-50.00,ACH_DEBIT,151.02,,
DEBIT,11/21/2025,"SQ *DREAMWAVE COFFEE Carlsbad CA             11/20",-12.42,DEBIT_CARD,201.02,,
DEBIT,11/21/2025,"RIVIAN CAFE IRVINE CA                        11/20",-6.46,DEBIT_CARD,213.44,,
DEBIT,11/20/2025,"Online Transfer to SAV ...3362 transaction#: 27029318169 11/20",-100.00,ACCT_XFER,219.90,,
DEBIT,11/20/2025,"Online Transfer to CHK ...8171 transaction#: 27029317328 11/20",-200.00,ACCT_XFER,319.90,,
DEBIT,11/20/2025,"TST*OCEAN THAI CUISINE Oceanside CA          11/19",-42.29,DEBIT_CARD,519.90,,
DEBIT,11/20/2025,"RIVIAN CAFE IRVINE CA                        11/19",-1.62,DEBIT_CARD,562.19,,
CREDIT,11/20/2025,"REAL TIME TRANSFER RECD FROM ABA/CONTR BNK-021000021  FROM: VENMO REF: 25112017164702375 INFO: TEXT-  IID: 20251120021000021P1BRJPC09010013501 RECD: 12:48:36 TRN: 0980902324GC BREF: 0bfc4cfe-aeb1-4bf9-bcb2-b3f739c7fc6",21.62,MISC_CREDIT,563.81,,
CREDIT,11/20/2025,"REAL TIME TRANSFER RECD FROM ABA/CONTR BNK-021000021  FROM: SQUARE REF: T3ZC7YJK36M94ZD INFO: TEXT-  IID: 20251120021000021P1BRJPC07460008884 RECD: 12:36:34 TRN: 0922732324GB BREF: 6f72f257-f7b9-4e26-b38e-fc35a6cc2cc",303.73,MISC_CREDIT,542.19,,
DEBIT,11/18/2025,"RIVIAN CAFE IRVINE CA                        11/17",-11.15,DEBIT_CARD,238.46,,
DEBIT,11/17/2025,"INGLOURIOUS BAGELS CARLSBAD CA               11/16",-37.28,DEBIT_CARD,249.61,,
DEBIT,11/17/2025,"TST* THE GREAT GREEK - OCEANSIDE CA          11/14",-60.83,DEBIT_CARD,286.89,,
DEBIT,11/17/2025,"SQ *SAVORY FARMS Carlsbad CA                 11/14",-25.18,DEBIT_CARD,347.72,,
DEBIT,11/14/2025,"Online Transfer to CHK ...8171 transaction#: 26966594904 11/14",-1000.00,ACCT_XFER,372.90,,
DEBIT,11/14/2025,"Online Transfer to SAV ...3362 transaction#: 26966570397 11/14",-500.00,ACCT_XFER,1372.90,,
CREDIT,11/14/2025,"RESILIENT STRENG PAYROLL                    PPD ID: 1462800242",1726.25,ACH_CREDIT,1872.90,,
DEBIT,11/13/2025,"VENMO            PAYMENT    1046179582756   WEB ID: 3264681992",-35.00,ACH_DEBIT,146.65,,
DEBIT,11/12/2025,"Online Transfer to CHK ...8171 transaction#: 26931840958 11/12",-550.00,ACCT_XFER,181.65,,
DEBIT,11/12/2025,"RIVIAN CAFE IRVINE CA                        11/11",-11.15,DEBIT_CARD,731.65,,
DEBIT,11/12/2025,"TRADER JOE S #022 OCEANSIDE CA               11/10",-14.06,DEBIT_CARD,742.80,,
CREDIT,11/12/2025,"Square Inc       SQ251111                   PPD ID: 9424300002",649.52,ACH_CREDIT,756.86,,
DEBIT,11/06/2025,"NON-CHASE ATM FEE-WITH",-3.00,FEE_TRANSACTION,107.34,,
DEBIT,11/06/2025,"NON-CHASE ATM WITHDRAW               005505  11/063881 MISS",-102.00,ATM,110.34,,
DEBIT,11/06/2025,"LS CARLSBAD PET AND FE 760-9290168 CA        11/06",-21.54,DEBIT_CARD,212.34,,
DEBIT,11/06/2025,"SQ *HOUSE OF BAO Carlsbad CA                 11/05",-7.46,DEBIT_CARD,233.88,,
DEBIT,11/06/2025,"RIVIAN CAFE IRVINE CA                        11/05",-1.62,DEBIT_CARD,241.34,,
DEBIT,11/05/2025,"IN-N-OUT OCEANSIDE OCEANSIDE CA              11/04",-17.00,DEBIT_CARD,242.96,,
DEBIT,11/03/2025,"ATM WITHDRAWAL                       003692  11/032580 EL C",-20.00,ATM,259.96,,
DEBIT,11/03/2025,"VENMO            PAYMENT    1045928045656   WEB ID: 3264681992",-70.04,ACH_DEBIT,279.96,,
DEBIT,11/03/2025,"TST*WILDLAND Carlsbad CA                     11/02",-17.82,DEBIT_CARD,350.00,,
DEBIT,11/03/2025,"TST*ROBATA-X Oceanside CA                    11/01",-115.38,DEBIT_CARD,367.82,,
DEBIT,10/31/2025,"VENMO            PAYMENT    1045865731076   WEB ID: 3264681992",-15.00,ACH_DEBIT,483.20,,
DEBIT,10/31/2025,"Online Transfer to CHK ...8171 transaction#: 26778816794 10/31",-600.00,ACCT_XFER,498.20,,
DEBIT,10/31/2025,"Online Transfer to SAV ...3362 transaction#: 26778823766 10/31",-1000.00,ACCT_XFER,1098.20,,
CREDIT,10/31/2025,"RESILIENT STRENG PAYROLL                    PPD ID: 1462800242",2061.15,ACH_CREDIT,2098.20,,
DEBIT,10/27/2025,"LOLA'S DELI CARLSBAD CA                      10/25",-41.62,DEBIT_CARD,37.05,,
DEBIT,10/27/2025,"SQ *VIGILANTE COFFEE Oceanside CA            10/25",-21.11,DEBIT_CARD,78.67,,
DEBIT,10/27/2025,"USPS PO 0555670056 OCEANSIDE CA              10/24",-11.12,DEBIT_CARD,99.78,,
DEBIT,10/27/2025,"USPS PO 0555670056 OCEANSIDE CA              10/24",-0.78,DEBIT_CARD,110.90,,
DEBIT,10/27/2025,"SQ *PRAGER BROTHERS CAR Carlsbad CA          10/23",-14.66,DEBIT_CARD,111.68,,
DEBIT,10/27/2025,"SQ *VIGILANTE COFFEE Oceanside CA            10/20",-25.41,DEBIT_CARD,126.34,,
DEBIT,10/27/2025,"SQ *NICO?S FISH MARKET Carlsbad CA           10/17",-18.10,DEBIT_CARD,151.75,,
DEBIT,10/24/2025,"SQ *VIGILANTE COFFEE Oceanside CA            10/24",-5.87,DEBIT_CARD,169.85,,
DEBIT,10/24/2025,"TST*HOMESTATE - OCEANSI Oceanside CA         10/23",-31.76,DEBIT_CARD,175.72,,
DEBIT,10/23/2025,"JERSEY MIKES 20385 OCEANSIDE CA              10/21",-20.31,DEBIT_CARD,207.48,,
DEBIT,10/23/2025,"JERSEY MIKES 20385 OCEANSIDE CA              10/21",-16.11,DEBIT_CARD,227.79,,
DEBIT,10/22/2025,"Online Transfer to CHK ...8171 transaction#: 26675025634 10/22",-600.00,ACCT_XFER,243.90,,
CREDIT,10/22/2025,"VENMO            CASHOUT                    PPD ID: 5264681992",400.00,ACH_CREDIT,843.90,,
DEBIT,10/21/2025,"TST*CORNERS PIZZA OCEAN Oceanside CA         10/20",-45.45,DEBIT_CARD,443.90,,
DEBIT,10/20/2025,"VENMO            PAYMENT    1045636861774   WEB ID: 3264681992",-400.00,ACH_DEBIT,489.35,,
CREDIT,10/20/2025,"REAL TIME TRANSFER RECD FROM ABA/CONTR BNK-021000021  FROM: SQUARE REF: T3T5AH1MA4X696H INFO: TEXT-  IID: 20251020021000021P1BRJPC07870001219 RECD: 11:54:50 TRN: 0848762293GE BREF: ff318ab2-0938-4add-86f1-c70002fabbf",303.73,MISC_CREDIT,889.35,,
CREDIT,10/20/2025,"REAL TIME TRANSFER RECD FROM ABA/CONTR BNK-021000021  FROM: VENMO REF: 25102020467978543 INFO: TEXT-  IID: 20251020021000021P1BRJPC01180002677 RECD: 16:02:05 TRN: 1474542293GD BREF: f7627eda-494f-4f3f-900a-a84e09e8266",393.00,MISC_CREDIT,585.62,,
DEBIT,10/16/2025,"VENMO            PAYMENT    1045559683968   WEB ID: 3264681992",-35.00,ACH_DEBIT,192.62,,
DEBIT,10/16/2025,"CREAM OF THE CR OCEANSIDE CA                 10/16",-8.99,DEBIT_CARD,227.62,,
DEBIT,10/16/2025,"ATM WITHDRAWAL                       007365  10/162580 EL C",-10.00,ATM,236.61,,
DEBIT,10/16/2025,"Online Transfer to SAV ...3362 transaction#: 26605653729 10/16",-800.00,ACCT_XFER,246.61,,
DEBIT,10/16/2025,"Online Transfer to CHK ...8171 transaction#: 26605631531 10/16",-800.00,ACCT_XFER,1046.61,,
DEBIT,10/16/2025,"SAMS KITCHEN CARLSBAD CA                     10/15",-17.78,DEBIT_CARD,1846.61,,
CREDIT,10/16/2025,"RESILIENT STRENG PAYROLL                    PPD ID: 1462800242",1714.91,ACH_CREDIT,1864.39,,
DEBIT,10/14/2025,"7-ELEVEN 17043 OCEANSIDE CA                  10/12",-5.41,DEBIT_CARD,149.48,,
DEBIT,10/14/2025,"Online Transfer to CHK ...8171 transaction#: 26562243004 10/14",-100.00,ACCT_XFER,154.89,,
DEBIT,10/14/2025,"INGLOURIOUS BAGELS CARLSBAD CA               10/11",-7.92,DEBIT_CARD,254.89,,
DEBIT,10/14/2025,"VISTA BEAN COFFEE OCEANSIDE CA               10/10",-5.50,DEBIT_CARD,262.81,,
CREDIT,10/14/2025,"REAL TIME TRANSFER RECD FROM ABA/CONTR BNK-021000021  FROM: SQUARE REF: T3A63XCWFR61XSV INFO: TEXT-  IID: 20251012021000021P1BRJPC03360075845 RECD: 10:18:58 TRN: 0040292285GE BREF: 919fada8-544f-4163-94fe-1f3fe6142bc",189.71,MISC_CREDIT,268.31,,
DEBIT,10/07/2025,"IN-N-OUT OCEANSIDE 2 OCEANSIDE CA            10/06",-16.29,DEBIT_CARD,78.60,,
DEBIT,10/06/2025,"VENMO            PAYMENT    1045295682926   WEB ID: 3264681992",-7.00,ACH_DEBIT,94.89,,
DEBIT,10/06/2025,"SP BROTHER BENNOS 176-04391244 CA            10/04",-8.66,DEBIT_CARD,101.89,,
DEBIT,10/06/2025,"SQ *VIGILANTE COFFEE Oceanside CA            10/04",-7.41,DEBIT_CARD,110.55,,
DEBIT,10/06/2025,"TST*OCEAN THAI CUISINE Oceanside CA          10/03",-37.13,DEBIT_CARD,117.96,,
DEBIT,10/06/2025,"RIVIAN CAFE IRVINE CA                        10/03",-2.69,DEBIT_CARD,155.09,,
DEBIT,10/02/2025,"ATM WITHDRAWAL                       009842  10/022663 GATE",-20.00,ATM,157.78,,
DEBIT,10/02/2025,"7-ELEVEN OCEANSIDE CA                        10/02",-9.25,DEBIT_CARD,177.78,,
DEBIT,10/02/2025,"TST*HOMESTATE - OCEANSI Oceanside CA         10/01",-36.47,DEBIT_CARD,187.03,,
DEBIT,10/02/2025,"SQ *REVOLUTION ROASTERS OCEANSIDE CA         10/01",-15.50,DEBIT_CARD,223.50,,
DEBIT,10/01/2025,"Online Transfer to SAV ...3362 transaction#: 26422675759 10/01",-100.00,ACCT_XFER,239.00,,
DEBIT,10/01/2025,"Online Transfer to SAV ...3362 transaction#: 26422653951 10/01",-500.00,ACCT_XFER,339.00,,
DEBIT,10/01/2025,"Online Transfer to CHK ...8171 transaction#: 26422630572 10/01",-1000.00,ACCT_XFER,839.00,,
CREDIT,10/01/2025,"RESILIENT STRENG PAYROLL                    PPD ID: 1462800242",1732.22,ACH_CREDIT,1839.00,,
DEBIT,09/29/2025,"SQ *NEW WAVE BAGEL LLC Encinitas CA          09/28",-27.47,DEBIT_CARD,106.78,,
DEBIT,09/29/2025,"7-ELEVEN OCEANSIDE CA                        09/27",-13.59,DEBIT_CARD,134.25,,
DEBIT,09/29/2025,"LOWE'S #1588 OCEANSIDE CA            487448  09/27",-19.64,DEBIT_CARD,147.84,,
DEBIT,09/29/2025,"DALU HAWAIIAN BBQ OCEANSIDE CA               09/25",-37.78,DEBIT_CARD,167.48,,
CREDIT,09/29/2025,"Online Transfer from SAV ...3362 transaction#: 26388850187",100.00,ACCT_XFER,205.26,,
DEBIT,09/25/2025,"SQ *REVOLUTION ROASTERS OCEANSIDE CA         09/25",-7.50,DEBIT_CARD,105.26,,
DEBIT,09/25/2025,"RIVIAN CAFE IRVINE CA                        09/24",-17.23,DEBIT_CARD,112.76,,
DEBIT,09/25/2025,"RIVIAN CAFE IRVINE CA                        09/24",-1.76,DEBIT_CARD,129.99,,
DEBIT,09/24/2025,"SQ *VIGILANTE COFFEE Oceanside CA            09/23",-5.55,DEBIT_CARD,131.75,,
DEBIT,09/23/2025,"TST*ODIES PIZZA CO 760-579-2382 CA           09/23",-32.09,DEBIT_CARD,137.30,,
DEBIT,09/23/2025,"SQ *PRAGER BROTHERS CAR Carlsbad CA          09/22",-17.05,DEBIT_CARD,169.39,,
DEBIT,09/23/2025,"RIVIAN CAFE IRVINE CA                        09/22",-3.23,DEBIT_CARD,186.44,,
DEBIT,09/22/2025,"TST*HOMESTATE - OCEANSI Oceanside CA         09/21",-44.82,DEBIT_CARD,189.67,,
DEBIT,09/22/2025,"SQ *VIGILANTE COFFEE Oceanside CA            09/21",-22.65,DEBIT_CARD,234.49,,
DEBIT,09/22/2025,"TST*1022 CAFE & GELATER Oceanside CA         09/20",-6.77,DEBIT_CARD,257.14,,
DEBIT,09/22/2025,"DAIRY QUEEN #10130 OCEANSIDE CA              09/20",-6.48,DEBIT_CARD,263.91,,
DEBIT,09/22/2025,"SQ *VIGILANTE COFFEE Oceanside CA            09/20",-13.25,DEBIT_CARD,270.39,,
DEBIT,09/22/2025,"TST*PETITE MADELINE BAK Oceanside CA         09/20",-17.22,DEBIT_CARD,283.64,,
DEBIT,09/22/2025,"SQ *VIGILANTE COFFEE Oceanside CA            09/19",-10.96,DEBIT_CARD,300.86,,
DEBIT,09/22/2025,"SQ *NICO?S FISH MARKET Oceanside CA          09/19",-155.76,DEBIT_CARD,311.82,,
DEBIT,09/22/2025,"RIVIAN CAFE IRVINE CA                        09/19",-6.20,DEBIT_CARD,467.58,,
CREDIT,09/22/2025,"REAL TIME TRANSFER RECD FROM ABA/CONTR BNK-021000021  FROM: BNF-VENMO REF: 25092015160191922 INFO: TEXT-  IID: 20250920021000021P1BRJPC06080101478 RECD: 11:58:18 TRN: 0984022263GA BREF: 9179958c-fe62-4881-84c1-4ded972fc9c",67.80,MISC_CREDIT,473.78,,
DEBIT,09/19/2025,"VENMO            PAYMENT    1044961621415   WEB ID: 3264681992",-5.00,ACH_DEBIT,405.98,,
DEBIT,09/19/2025,"BAMBI'S FLOWERS CARLSBAD CA                  09/18",-10.78,DEBIT_CARD,410.98,,
DEBIT,09/19/2025,"LAZ PARKING M14580 SAN DIEGO CA              09/18",-3.00,DEBIT_CARD,421.76,,
DEBIT,09/19/2025,"TST* QUEENSTOWN BISTRO SAN DIEGO CA          09/18",-28.44,DEBIT_CARD,424.76,,
CREDIT,09/19/2025,"REAL TIME TRANSFER RECD FROM ABA/CONTR BNK-021000021  FROM: BNF-SQUARE REF: T37FK0948W6EECR INFO: TEXT-  IID: 20250919021000021P1BRJPC02480145731 RECD: 16:44:37 TRN: 1842962262GD BREF: b320c72a-b93b-410d-b829-4d25c8cad95",303.73,MISC_CREDIT,453.20,,
DEBIT,09/18/2025,"VENMO            PAYMENT    1044943087186   WEB ID: 3264681992",-35.00,ACH_DEBIT,149.47,,
DEBIT,09/18/2025,"7-ELEVEN CARLSBAD CA                         09/18",-3.29,DEBIT_CARD,184.47,,
DEBIT,09/18/2025,"SQ *BABA NATURAL FOODS Oceanside CA          09/17",-16.50,DEBIT_CARD,187.76,,
DEBIT,09/18/2025,"SQ *MADELINE FARMERS MA Oceanside CA         09/17",-10.50,DEBIT_CARD,204.26,,
DEBIT,09/17/2025,"VENMO            PAYMENT    1044922850287   WEB ID: 3264681992",-6.00,ACH_DEBIT,214.76,,
DEBIT,09/17/2025,"Online Transfer to SAV ...3362 transaction#: 26257121615 09/17",-89.00,ACCT_XFER,220.76,,
DEBIT,09/16/2025,"NON-CHASE ATM FEE-WITH",-3.00,FEE_TRANSACTION,309.76,,
DEBIT,09/16/2025,"NON-CHASE ATM WITHDRAW               001495  09/162216 SOUT",-21.99,ATM,312.76,,
DEBIT,09/16/2025,"Online Transfer to SAV ...3362 transaction#: 26243020195 09/16",-100.00,ACCT_XFER,334.75,,
DEBIT,09/16/2025,"Online Transfer to CHK ...8171 transaction#: 26243009142 09/16",-1400.00,ACCT_XFER,434.75,,
DEBIT,09/16/2025,"RIVIAN CAFE IRVINE CA                        09/15",-2.59,DEBIT_CARD,1834.75,,
CREDIT,09/16/2025,"RESILIENT STRENG PAYROLL                    PPD ID: 1462800242",1648.71,ACH_CREDIT,1837.34,,
DEBIT,09/16/2025,"SP COMETEER GLOUCESTER MA                    09/15",89.99,DEBIT_CARD,188.63,,
DEBIT,09/15/2025,"SP COMETEER COMETEER.COM MA                  09/14",-89.99,DEBIT_CARD,98.64,,
DEBIT,09/15/2025,"SP PIGMENT INC. 185-55016318 CA              09/13",-17.24,DEBIT_CARD,188.63,,
DEBIT,09/15/2025,"SQ *REVOLUTION ROASTERS OCEANSIDE CA         09/13",-8.00,DEBIT_CARD,205.87,,
DEBIT,09/15/2025,"SQ *VIGILANTE COFFEE Oceanside CA            09/13",-11.91,DEBIT_CARD,213.87,,
DEBIT,09/15/2025,"TST*ODIES PIZZA CO Oceanside CA              09/12",-38.49,DEBIT_CARD,225.78,,
CREDIT,09/15/2025,"Online Transfer from CHK ...8171 transaction#: 26219568149",90.00,ACCT_XFER,264.27,,
DEBIT,09/08/2025,"VENMO            PAYMENT    1044728105028   WEB ID: 3264681992",-50.00,ACH_DEBIT,174.27,,
DEBIT,09/08/2025,"Online Transfer to CHK ...8171 transaction#: 26150568508 09/08",-500.00,ACCT_XFER,224.27,,
DEBIT,09/08/2025,"SQ *VIGILANTE COFFEE Oceanside CA            09/06",-8.58,DEBIT_CARD,724.27,,
DEBIT,09/08/2025,"SQ *VIGILANTE COFFEE Oceanside CA            09/06",-13.04,DEBIT_CARD,732.85,,
DEBIT,09/08/2025,"RIVIAN CAFE IRVINE CA                        09/05",-11.15,DEBIT_CARD,745.89,,
DEBIT,09/08/2025,"RIVIAN CAFE IRVINE CA                        09/05",-5.28,DEBIT_CARD,757.04,,
CREDIT,09/08/2025,"REAL TIME TRANSFER RECD FROM ABA/CONTR BNK-021000021  FROM: BNF-SQUARE REF: T36GJ2XR1N0STZ4 INFO: TEXT-  IID: 20250908021000021P1BRJPC05920038408 RECD: 10:22:28 TRN: 1117512251GA BREF: 4d1e1e3d-48e3-45e4-a3db-bb9f8dec1a9",638.15,MISC_CREDIT,762.32,,
DEBIT,09/05/2025,"SP COMETEER COMETEER.COM MA                  09/04",-9.99,DEBIT_CARD,124.17,,
DEBIT,09/04/2025,"RIVIAN CAFE IRVINE CA                        09/03",-2.14,DEBIT_CARD,134.16,,
DEBIT,09/04/2025,"RIVIAN CAFE IRVINE CA                        09/03",-1.62,DEBIT_CARD,136.30,,
DEBIT,09/02/2025,"SQ *VIGILANTE COFFEE Oceanside CA            09/01",-29.96,DEBIT_CARD,137.92,,
DEBIT,09/02/2025,"SQ *TACOS 1975 OCEANSIDE CA                  08/31",-17.45,DEBIT_CARD,167.88,,
DEBIT,09/02/2025,"SQ *SMASH'D BURGERS OCEANSIDE CA             08/31",-46.55,DEBIT_CARD,185.33,,
DEBIT,09/02/2025,"Online Transfer to CHK ...8171 transaction#: 26054465129 09/02",-300.00,ACCT_XFER,231.88,,
DEBIT,09/02/2025,"SQ *REVOLUTION ROASTERS OCEANSIDE CA         08/31",-14.00,DEBIT_CARD,531.88,,
DEBIT,09/02/2025,"SQ *LANDMARK PLANT CO. Oceanside CA          08/30",-15.79,DEBIT_CARD,545.88,,
DEBIT,09/02/2025,"SQ *MOSTRA COFFEE San Diego CA               08/30",-19.68,DEBIT_CARD,561.67,,
DEBIT,09/02/2025,"PY *ESS-A-BAGEL NEWARK NJ                    08/30",-7.14,DEBIT_CARD,581.35,,
DEBIT,09/02/2025,"TST*TACO STAND OCEANS 760-385-6222 CA        08/30",-13.02,DEBIT_CARD,588.49,,
CREDIT,09/02/2025,"REAL TIME TRANSFER RECD FROM ABA/CONTR BNK-021000021  FROM: BNF-VENMO REF: 25090117325436865 INFO: TEXT-  IID: 20250901021000021P1BRJPC07200163788 RECD: 13:49:20 TRN: 0959532244GD BREF: 8d8718a5-d611-4b88-98bd-afd1070de02",24.57,MISC_CREDIT,601.51,,
DEBIT,08/29/2025,"Online Transfer to CHK ...8171 transaction#: 26028898246 08/29",-600.00,ACCT_XFER,576.94,,
DEBIT,08/29/2025,"OLLIES BARGAIN OUTLET TOMS RIVER NJ          08/29",-20.23,DEBIT_CARD,1176.94,,
DEBIT,08/29/2025,"DUNKIN #339061 TOMS RIVER NJ                 08/28",-3.83,DEBIT_CARD,1197.17,,
DEBIT,08/29/2025,"SQ *VIGILANTE COFFEE Oceanside CA            08/28",-6.41,DEBIT_CARD,1201.00,,
CREDIT,08/29/2025,"RESILIENT STRENG PAYROLL                    PPD ID: 1462800242",1070.29,ACH_CREDIT,1207.41,,
DEBIT,08/28/2025,"TST*ALFA BAGELS Randolph NJ                  08/27",-27.14,DEBIT_CARD,137.12,,
DEBIT,08/27/2025,"STARBUCKS T2 WEST SAN SAN DIEGO CA           08/27",-3.99,DEBIT_CARD,164.26,,
DEBIT,08/27/2025,"HUDSON/TECH ST 1514 SAN DIEGO CA             08/26",-8.29,DEBIT_CARD,168.25,,
DEBIT,08/26/2025,"TST*ODIES PIZZA CO Oceanside CA              08/25",-42.56,DEBIT_CARD,176.54,,
DEBIT,08/26/2025,"RIVIAN CAFE IRVINE CA                        08/25",-6.73,DEBIT_CARD,219.10,,
DEBIT,08/26/2025,"RIVIAN CAFE IRVINE CA                        08/25",-2.69,DEBIT_CARD,225.83,,
DEBIT,08/25/2025,"SQ *VIGILANTE COFFEE Oceanside CA            08/24",-15.59,DEBIT_CARD,228.52,,
DEBIT,08/25/2025,"SQ *STEADY STATE ROASTI CARLSBAD CA          08/24",-10.75,DEBIT_CARD,244.11,,
DEBIT,08/25/2025,"Nyx*8336322778 ELECTRI HUNT VALLEY MD        08/23",-31.16,DEBIT_CARD,254.86,,
DEBIT,08/25/2025,"SQ *VIGILANTE COFFEE Oceanside CA            08/23",-13.25,DEBIT_CARD,286.02,,
DEBIT,08/25/2025,"Online Transfer to CHK ...8171 transaction#: 25955304676 08/25",-250.00,ACCT_XFER,299.27,,
DEBIT,08/25/2025,"THE HENRY 7508 UPNGO CARLSBAD CA             08/22",-50.73,DEBIT_CARD,549.27,,
DEBIT,08/25/2025,"SUPER STAR CAR WASH MIS OCEANSIDE CA         08/22",-25.00,DEBIT_CARD,600.00,,
CREDIT,08/25/2025,"REAL TIME TRANSFER RECD FROM ABA/CONTR BNK-021000021  FROM: BNF-VENMO REF: 25082514631668840 INFO: TEXT-  IID: 20250825021000021P1BRJPC05360033338 RECD: 10:11:23 TRN: 0703762237GE BREF: a3c5764c-277b-4564-a1fa-4d857458ec3",49.13,MISC_CREDIT,625.00,,
CREDIT,08/22/2025,"Square Inc       SQ250822                   PPD ID: 9424300002",309.14,ACH_CREDIT,575.87,,
DEBIT,08/21/2025,"Online Transfer to CHK ...8171 transaction#: 25933902116 08/21",-200.00,ACCT_XFER,266.73,,
DEBIT,08/21/2025,"VENMO            PAYMENT    1044323559298   WEB ID: 3264681992",-50.00,ACH_DEBIT,466.73,,
DEBIT,08/21/2025,"SQ *VIGILANTE COFFEE Oceanside CA            08/21",-16.29,DEBIT_CARD,516.73,,
DEBIT,08/21/2025,"7-ELEVEN IRVINE CA                           08/20",-3.59,DEBIT_CARD,533.02,,
DEBIT,08/21/2025,"TST*HANGAR 24 BREWERY O Irvine CA            08/20",-32.32,DEBIT_CARD,536.61,,
CREDIT,08/21/2025,"VENMO            CASHOUT                    PPD ID: 5264681992",400.00,ACH_CREDIT,568.93,,
DEBIT,08/18/2025,"TST*DOCENT BREWING CARL Carlsbad CA          08/17",-39.65,DEBIT_CARD,168.93,,
DEBIT,08/18/2025,"VALERIES TACO SHOP OCEANSIDE CA              08/16",-40.58,DEBIT_CARD,208.58,,
DEBIT,08/18/2025,"SQ *REVOLUTION ROASTERS OCEANSIDE CA         08/16",-13.00,DEBIT_CARD,249.16,,
DEBIT,08/18/2025,"TST*ROSE CAFE Oceanside CA                   08/16",-42.02,DEBIT_CARD,262.16,,
DEBIT,08/18/2025,"TST* EUREKA RESTAURANT CARLSBAD CA           08/16",-82.39,DEBIT_CARD,304.18,,
DEBIT,08/18/2025,"SQ *PRAGER BROTHERS CAR Carlsbad CA          08/15",-11.50,DEBIT_CARD,386.57,,
DEBIT,08/18/2025,"HEIGHTS MARKET SAN DIEGO CA                  08/14",-24.27,DEBIT_CARD,398.07,,
DEBIT,08/15/2025,"TRADER JOE S #22 2629 CARLSBAD CA    429503  08/15",-12.91,DEBIT_CARD,422.34,,
DEBIT,08/15/2025,"Online Transfer to CHK ...8171 transaction#: 25857211562 08/15",-1000.00,ACCT_XFER,435.25,,
DEBIT,08/15/2025,"STARBUCKS STORE 13640 SAN DIEGO CA           08/14",-8.25,DEBIT_CARD,1435.25,,
CREDIT,08/15/2025,"RESILIENT STRENG PAYROLL                    PPD ID: 1462800242",1305.50,ACH_CREDIT,1443.50,,
DEBIT,08/14/2025,"SQ *VIGILANTE COFFEE Oceanside CA            08/14",-13.64,DEBIT_CARD,138.00,,
DEBIT,08/14/2025,"TST*OCEAN THAI CUISINE Oceanside CA          08/13",-34.60,DEBIT_CARD,151.64,,
DEBIT,08/14/2025,"RIVIAN CAFE IRVINE CA                        08/13",-1.62,DEBIT_CARD,186.24,,
DEBIT,08/14/2025,"RIVIAN CAFE IRVINE CA                        08/13",-6.20,DEBIT_CARD,187.86,,
DEBIT,08/11/2025,"SQ *LOFTY COFFEE CARLSBAD CA                 08/10",-14.25,DEBIT_CARD,194.06,,
DEBIT,08/11/2025,"TST*DOCENT BREWING CARL Carlsbad CA          08/09",-17.98,DEBIT_CARD,208.31,,
DEBIT,08/11/2025,"ZG * RENTAPPLICATION 206-516-2265 WA         08/09",-35.00,DEBIT_CARD,226.29,,
DEBIT,08/11/2025,"ZG * RENTAPPLICATION 206-516-2265 WA         08/09",-35.00,DEBIT_CARD,261.29,,
DEBIT,08/11/2025,"SQ *SOUTH O BREWING COM Oceanside CA         08/08",-19.24,DEBIT_CARD,296.29,,
DEBIT,08/11/2025,"SQ *NICO?S FISH MARKET Carlsbad CA           08/08",-47.84,DEBIT_CARD,315.53,,
DEBIT,08/11/2025,"RIVIAN CAFE IRVINE CA                        08/08",-11.15,DEBIT_CARD,363.37,,
DEBIT,08/11/2025,"RIVIAN CAFE IRVINE CA                        08/08",-4.85,DEBIT_CARD,374.52,,
CREDIT,08/11/2025,"Online Transfer from SAV ...3362 transaction#: 25798471690",100.00,ACCT_XFER,379.37,,
CREDIT,08/11/2025,"REAL TIME TRANSFER RECD FROM ABA/CONTR BNK-021000021  FROM: BNF-VENMO REF: 25081020462780276 INFO: TEXT-  IID: 20250810021000021P1BRJPC03280035383 RECD: 16:14:02 TRN: 0921442222GA BREF: 8fd2eabe-1528-4d45-9e14-14866fa5ae0",73.69,MISC_CREDIT,279.37,,
DEBIT,08/08/2025,"SQ *PRAGER BROTHERS CAR Carlsbad CA          08/08",-13.22,DEBIT_CARD,205.68,,
DEBIT,08/07/2025,"SALUD SOCIETY WWW.SALUDSOCI CA               08/07",-19.00,DEBIT_CARD,218.90,,
DEBIT,08/07/2025,"RIVIAN CAFE IRVINE CA                        08/06",-12.39,DEBIT_CARD,237.90,,
DEBIT,08/07/2025,"RIVIAN CAFE IRVINE CA                        08/06",-4.04,DEBIT_CARD,250.29,,
DEBIT,08/06/2025,"SP THRIVECAUSEMETICS THRIVECAUSEME WA        08/05",-34.10,DEBIT_CARD,254.33,,
DEBIT,08/04/2025,"TST*UPPERCRUST PIZZA - Oceanside CA          08/03",-32.02,DEBIT_CARD,288.43,,
DEBIT,08/04/2025,"SQ *VIGILANTE COFFEE Oceanside CA            08/03",-13.25,DEBIT_CARD,320.45,,
DEBIT,08/04/2025,"SQ *VIGILANTE COFFEE Oceanside CA            08/02",-19.30,DEBIT_CARD,333.70,,
DEBIT,08/04/2025,"RIVIAN CAFE IRVINE CA                        08/01",-4.04,DEBIT_CARD,353.00,,
DEBIT,08/04/2025,"RIVIAN CAFE IRVINE CA                        08/01",-3.50,DEBIT_CARD,357.04,,
CREDIT,08/04/2025,"VENMO            CASHOUT                    PPD ID: 5264681992",15.00,ACH_CREDIT,360.54,,
DEBIT,08/01/2025,"Online Transfer to CHK ...8171 transaction#: 25690847416 08/01",-1300.00,ACCT_XFER,345.54,,
CREDIT,08/01/2025,"RESILIENT STRENG PAYROLL                    PPD ID: 1462800242",1477.42,ACH_CREDIT,1645.54,,
DEBIT,07/29/2025,"Online Transfer to CHK ...8171 transaction#: 25653681549 07/29",-450.00,ACCT_XFER,168.12,,
DEBIT,07/29/2025,"SQ *PRAGER BROTHERS CAR Carlsbad CA          07/29",-10.78,DEBIT_CARD,618.12,,
DEBIT,07/29/2025,"RIVIAN CAFE IRVINE CA                        07/28",-5.39,DEBIT_CARD,628.90,,
CREDIT,07/29/2025,"VENMO            CASHOUT                    PPD ID: 5264681992",480.00,ACH_CREDIT,634.29,,
DEBIT,07/28/2025,"SQ *VIGILANTE COFFEE Oceanside CA            07/26",-24.00,DEBIT_CARD,154.29,,
DEBIT,07/28/2025,"RIVIAN CAFE IRVINE CA                        07/25",-9.91,DEBIT_CARD,178.29,,
DEBIT,07/28/2025,"RIVIAN CAFE IRVINE CA                        07/25",-2.80,DEBIT_CARD,188.20,,
CREDIT,07/28/2025,"Online Transfer from CHK ...8171 transaction#: 25619972530",100.00,ACCT_XFER,191.00,,
DEBIT,07/25/2025,"STARBUCKS STORE 21739 CARLSBAD CA            07/24",-13.50,DEBIT_CARD,91.00,,
DEBIT,07/24/2025,"VENMO            PAYMENT    1043729583912   WEB ID: 3264681992",-30.00,ACH_DEBIT,104.50,,
DEBIT,07/24/2025,"RIVIAN CAFE IRVINE CA                        07/23",-12.39,DEBIT_CARD,134.50,,
DEBIT,07/24/2025,"RIVIAN CAFE IRVINE CA                        07/23",-1.76,DEBIT_CARD,146.89,,
DEBIT,07/23/2025,"SQ *PRAGER BROTHERS CAR Carlsbad CA          07/22",-16.68,DEBIT_CARD,148.65,,
DEBIT,07/22/2025,"CANONICA PRI LLC NEWARK NJ                   07/22",-12.94,DEBIT_CARD,165.33,,
DEBIT,07/22/2025,"FIREHOUSE SUBS B22 FOO NEWARK NJ             07/21",-17.55,DEBIT_CARD,178.27,,
DEBIT,07/22/2025,"FIREHOUSE SUBS B22 FOO NEWARK NJ             07/21",-82.61,DEBIT_CARD,195.82,,
DEBIT,07/22/2025,"STARBUCKS STORE 10406 TREVOSE PA             07/21",-5.72,DEBIT_CARD,278.43,,
DEBIT,07/21/2025,"VENMO            PAYMENT    1043639474645   WEB ID: 3264681992",-150.00,ACH_DEBIT,284.15,,
DEBIT,07/21/2025,"WAWA 253 CONSHOHOCKEN PA                     07/20",-16.67,DEBIT_CARD,434.15,,
DEBIT,07/21/2025,"TST* SPREAD BAGELRY NEWTOWN SQUAR PA         07/21",-20.47,DEBIT_CARD,450.82,,
DEBIT,07/21/2025,"TARGET T- 1200 BALTIMO SPRINGFIELD PA        07/19",-10.60,DEBIT_CARD,471.29,,
DEBIT,07/21/2025,"DAIRY QUEEN #15538 MANCHESTER TW NJ          07/18",-9.15,DEBIT_CARD,481.89,,
DEBIT,07/18/2025,"JOECOFFEE-THE CAFFEIN 120-65313212 WA        07/18",-24.01,DEBIT_CARD,491.04,,
DEBIT,07/18/2025,"CAROUSEL CANDIES PT PLEASANT B NJ            07/17",-7.36,DEBIT_CARD,515.05,,
DEBIT,07/18/2025,"TST*LITTLE MACS Point Pleasan NJ             07/17",-32.79,DEBIT_CARD,522.41,,
DEBIT,07/18/2025,"DUNKIN #363849 NEWARK NJ                     07/17",-14.71,DEBIT_CARD,555.20,,
DEBIT,07/17/2025,"SAN PEETS COFFEE T2W 23 SAN DIEGO CA         07/16",-10.23,DEBIT_CARD,569.91,,
DEBIT,07/17/2025,"TST*OCEAN THAI CUISINE Oceanside CA          07/16",-43.93,DEBIT_CARD,580.14,,
DEBIT,07/17/2025,"SQ *REVOLUTION ROASTERS OCEANSIDE CA         07/16",-17.00,DEBIT_CARD,624.07,,
DEBIT,07/17/2025,"UNITED      01643139384 UNITED.COM TX        07/16",-40.00,DEBIT_CARD,641.07,,
CREDIT,07/17/2025,"VENMO            CASHOUT                    PPD ID: 5264681992",58.00,ACH_CREDIT,681.07,,
DEBIT,07/16/2025,"Online Transfer to SAV ...3362 transaction#: 25501362325 07/16",-100.00,ACCT_XFER,623.07,,
DEBIT,07/16/2025,"Online Transfer to CHK ...8171 transaction#: 25501343420 07/16",-1500.00,ACCT_XFER,723.07,,
DEBIT,07/16/2025,"TST*HOMESTATE - OCEANSI Oceanside CA         07/15",-40.67,DEBIT_CARD,2223.07,,
DEBIT,07/16/2025,"RIVIAN CAFE IRVINE CA                        07/15",-3.23,DEBIT_CARD,2263.74,,
DEBIT,07/16/2025,"RIVIAN CAFE IRVINE CA                        07/15",-11.15,DEBIT_CARD,2266.97,,
DEBIT,07/16/2025,"RIVIAN CAFE IRVINE CA                        07/15",-2.80,DEBIT_CARD,2278.12,,
CREDIT,07/16/2025,"RESILIENT STRENG PAYROLL                    PPD ID: 1462800242",1898.65,ACH_CREDIT,2280.92,,
DEBIT,07/15/2025,"VENMO            PAYMENT    1043546181268   WEB ID: 3264681992",-40.00,ACH_DEBIT,382.27,,
DEBIT,07/15/2025,"SQ *BLUE BOWL SUPERFOOD Oceanside CA         07/14",-41.00,DEBIT_CARD,422.27,,
DEBIT,07/14/2025,"Online Transfer to CHK ...8171 transaction#: 25477078347 07/14",-400.00,ACCT_XFER,463.27,,
DEBIT,07/14/2025,"SQ *REVOLUTION ROASTERS OCEANSIDE CA         07/12",-8.50,DEBIT_CARD,863.27,,
DEBIT,07/14/2025,"RALPHS #0054 OCEANSIDE CA                    07/11",-5.99,DEBIT_CARD,871.77,,
DEBIT,07/14/2025,"RIVIAN CAFE IRVINE CA                        07/11",-2.80,DEBIT_CARD,877.76,,
CREDIT,07/14/2025,"Square Inc       SQ250714                   PPD ID: 9424300002",649.52,ACH_CREDIT,880.56,,
DEBIT,07/11/2025,"TST*BESHOCK RAMEN & SAK Carlsbad CA          07/10",-52.38,DEBIT_CARD,231.04,,
DEBIT,07/10/2025,"SQ *THE BUCCANEER CAFE Oceanside CA          07/10",-18.33,DEBIT_CARD,283.42,,
DEBIT,07/10/2025,"SQ *VIGILANTE COFFEE Oceanside CA            07/10",-13.64,DEBIT_CARD,301.75,,
DEBIT,07/10/2025,"RIVIAN CAFE IRVINE CA                        07/09",-1.76,DEBIT_CARD,315.39,,
DEBIT,07/08/2025,"VENMO            PAYMENT    1043397113860   WEB ID: 3264681992",-15.00,ACH_DEBIT,317.15,,
DEBIT,07/08/2025,"IN-N-OUT ENCINITAS ENCINITAS CA              07/07",-16.22,DEBIT_CARD,332.15,,
DEBIT,07/08/2025,"RIVIAN CAFE IRVINE CA                        07/07",-3.50,DEBIT_CARD,348.37,,
DEBIT,07/07/2025,"SQ *BLUE BOWL SUPERFOOD Oceanside CA         07/05",-11.00,DEBIT_CARD,351.87,,
DEBIT,07/07/2025,"TST*HOMESTATE - OCEANSI Oceanside CA         07/05",-40.06,DEBIT_CARD,362.87,,
DEBIT,07/07/2025,"7-ELEVEN OCEANSIDE CA                        07/05",-5.25,DEBIT_CARD,402.93,,
DEBIT,07/07/2025,"SQ *KUMAYA_YAKISOBA Oceanside CA             07/03",-21.00,DEBIT_CARD,408.18,,
DEBIT,07/07/2025,"SQ *RAFIKIZ FOODZ San Diego CA               07/03",-17.82,DEBIT_CARD,429.18,,
DEBIT,07/07/2025,"SQ *HONG KONG CUISINE San Diego CA           07/03",-31.03,DEBIT_CARD,447.00,,
DEBIT,07/07/2025,"RIVIAN CAFE IRVINE CA                        07/02",-12.39,DEBIT_CARD,478.03,,
DEBIT,07/07/2025,"RIVIAN CAFE IRVINE CA                        07/02",-1.62,DEBIT_CARD,490.42,,
DEBIT,07/03/2025,"SQ *VIGILANTE COFFEE Oceanside CA            07/03",-4.90,DEBIT_CARD,492.04,,
DEBIT,07/03/2025,"SQ *VIGILANTE COFFEE Oceanside CA            07/03",-17.53,DEBIT_CARD,496.94,,
DEBIT,07/02/2025,"TST*HANGAR 24 BREWERY O Irvine CA            07/01",-33.06,DEBIT_CARD,514.47,,
DEBIT,07/02/2025,"RIVIAN CAFE IRVINE CA                        07/01",-3.23,DEBIT_CARD,547.53,,
DEBIT,07/02/2025,"RIVIAN CAFE IRVINE CA                        07/01",-17.24,DEBIT_CARD,550.76,,
DEBIT,07/01/2025,"SQ *STEADY STATE ROASTI CARLSBAD CA          07/01",-25.01,DEBIT_CARD,568.00,,
DEBIT,07/01/2025,"Online Transfer to SAV ...3362 transaction#: 25321661478 07/01",-1000.00,ACCT_XFER,593.01,,
DEBIT,07/01/2025,"Online Transfer to CHK ...8171 transaction#: 25321693378 07/01",-1000.00,ACCT_XFER,1593.01,,
DEBIT,07/01/2025,"RIVIAN CAFE IRVINE CA                        06/30",-5.39,DEBIT_CARD,2593.01,,
CREDIT,07/01/2025,"RESILIENT STRENG PAYROLL                    PPD ID: 1462800242",1875.35,ACH_CREDIT,2598.40,,
DEBIT,06/30/2025,"SQ *REVOLUTION ROASTERS OCEANSIDE CA         06/29",-8.50,DEBIT_CARD,723.05,,
DEBIT,06/30/2025,"SQ *VIGILANTE COFFEE Oceanside CA            06/29",-37.91,DEBIT_CARD,731.55,,
DEBIT,06/30/2025,"SQ *BLUE BOWL SUPERFOOD Oceanside CA         06/28",-23.00,DEBIT_CARD,769.46,,
DEBIT,06/30/2025,"SQ *BLUE BOWL SUPERFOOD Oceanside CA         06/27",-11.00,DEBIT_CARD,792.46,,
CREDIT,06/30/2025,"Square Inc       SQ250630                   PPD ID: 9424300002",309.14,ACH_CREDIT,803.46,,
DEBIT,06/27/2025,"TST*HOMESTATE - OCEANSI Oceanside CA         06/26",-52.04,DEBIT_CARD,494.32,,
DEBIT,06/26/2025,"HEIGHTS MARKET SAN DIEGO CA                  06/25",-38.23,DEBIT_CARD,546.36,,
DEBIT,06/26/2025,"HEIGHTS MARKET SAN DIEGO CA                  06/25",-6.22,DEBIT_CARD,584.59,,
DEBIT,06/25/2025,"RIVIAN CAFE IRVINE CA                        06/24",-11.15,DEBIT_CARD,590.81,,
DEBIT,06/24/2025,"SQ *CAFFE_IN COFFEE ROA Tustin CA            06/24",-5.75,DEBIT_CARD,601.96,,
DEBIT,06/24/2025,"SQ *PRAGER BROTHERS PIZ Carlsbad CA          06/23",-20.00,DEBIT_CARD,607.71,,
CREDIT,06/24/2025,"REAL TIME TRANSFER RECD FROM ABA/CONTR BNK-021000021  FROM: BNF-VENMO REF: 25062418459324809 INFO: TEXT-  IID: 20250624021000021P1BRJPC08240164817 RECD: 14:18:28 TRN: 1013812175GC BREF: 1e77bedf-968f-420b-aee0-fd1f12cd45e",393.00,MISC_CREDIT,627.71,,
DEBIT,06/23/2025,"VENMO            PAYMENT    1043040306033   WEB ID: 3264681992",-30.00,ACH_DEBIT,234.71,,
DEBIT,06/23/2025,"HIGH TIDE COFFEE OSID 178-15833699 CA        06/22",-26.28,DEBIT_CARD,264.71,,
DEBIT,06/23/2025,"SQ *VIGILANTE COFFEE Oceanside CA            06/22",-13.37,DEBIT_CARD,290.99,,
DEBIT,06/23/2025,"SQ *VIGILANTE COFFEE Oceanside CA            06/21",-7.95,DEBIT_CARD,304.36,,
DEBIT,06/23/2025,"SQ *REVOLUTION ROASTERS Carlsbad CA          06/20",-20.40,DEBIT_CARD,312.31,,
DEBIT,06/20/2025,"SAPPCLUB.COM 888-418-8805 CA                 06/20",-42.84,DEBIT_CARD,332.71,,
DEBIT,06/20/2025,"SQ *REVOLUTION ROASTERS OCEANSIDE CA         06/19",-22.50,DEBIT_CARD,375.55,,
DEBIT,06/20/2025,"TST* DIRTY DOUGH - OCEA OCEANSIDE CA         06/19",-23.07,DEBIT_CARD,398.05,,
DEBIT,06/18/2025,"SURFIN CHICKEN SAN CLEMENTE CA               06/17",-28.10,DEBIT_CARD,421.12,,
DEBIT,06/17/2025,"Online Transfer to CHK ...8171 transaction#: 25160211756 06/17",-200.00,ACCT_XFER,449.22,,
DEBIT,06/16/2025,"SQ *REVOLUTION ROASTERS OCEANSIDE CA         06/15",-8.50,DEBIT_CARD,649.22,,
DEBIT,06/16/2025,"Online Transfer to SAV ...3362 transaction#: 25130042429 06/16",-1000.00,ACCT_XFER,657.72,,
CREDIT,06/16/2025,"VENMO            CASHOUT                    PPD ID: 5264681992",30.00,ACH_CREDIT,1657.72,,
CREDIT,06/16/2025,"VENMO            CASHOUT                    PPD ID: 5264681992",34.00,ACH_CREDIT,1627.72,,
CREDIT,06/16/2025,"RESILIENT STRENG PAYROLL                    PPD ID: 1462800242",1514.26,ACH_CREDIT,1593.72,,
CREDIT,06/12/2025,"VENMO            CASHOUT                    PPD ID: 5264681992",21.00,ACH_CREDIT,79.46,,
DEBIT,06/09/2025,"SQ *REVOLUTION ROASTERS OCEANSIDE CA         06/08",-32.50,DEBIT_CARD,58.46,,
DEBIT,06/09/2025,"SQ *VIGILANTE COFFEE Oceanside CA            06/06",-50.56,DEBIT_CARD,90.96,,
DEBIT,06/06/2025,"VENMO            PAYMENT    1042706558972   WEB ID: 3264681992",-100.00,ACH_DEBIT,141.52,,
DEBIT,06/05/2025,"SAPPCLUB.COM 888-418-8805 CA                 06/05",-47.61,DEBIT_CARD,241.52,,
DEBIT,06/04/2025,"SQ *REVOLUTION ROASTERS OCEANSIDE CA         06/03",-14.50,DEBIT_CARD,289.13,,
DEBIT,06/02/2025,"SQ *REVOLUTION ROASTERS OCEANSIDE CA         06/01",-7.50,DEBIT_CARD,303.63,,
DEBIT,06/02/2025,"SQ *VIGILANTE COFFEE Oceanside CA            05/31",-27.28,DEBIT_CARD,311.13,,
